@Online{crockford2001javascript,
  title =     {JavaScript: The World's Most Misunderstood Programming Language},
  author =    {Crockford, Douglas},
  url =       {http://www.crockford.com/javascript/javascript.html},
  year =      {2001},
}

@Book{rauschmayer2014speaking,
  author =    {Rauschmayer, Axel},
  title =     {Speaking JavaScript: An In-Depth Guide for Programmers},
  year =      {2014},
  publisher = {"O'Reilly Media, Inc."},
}

@Online{w3schools-js-function-invocation,
  title =     {JavaScript Function Invocation},
  author =    {w3schools}
  year =      {2016},
  url =       {http://www.w3schools.com/js/js_function_invocation.asp},
  urldate =   {2016-03-20},
}

@Online{,
  title =     {The Javascript Guide to Objects, Functions, Scope, Prototypes and Closures},
  url =       {http://hangar.runway7.net/javascript/guide},
}

@Online{
  title =     {Variables vs. Properties in JavaScript},
  url =       {https://javascriptweblog.wordpress.com/2010/08/09/variables-vs-properties-in-javascript/},
}

@Online{
  title =     {Wat},
  url =       {https://www.destroyallsoftware.com/talks/wat},
}
